@inbook{ myself,
        author={D. Foulger},
        title={A Small Example of Citing in Latex},
        publisher={Devin Foulger},
        year={2016}
}
